<?xml version="1.0" encoding="UTF-8"?><collection xmlns="http://www.loc.gov/MARC21/slim"><record><leader>00497nam--2200145-i-4500</leader><controlfield tag="001">000014110</controlfield><controlfield tag="002">20161230</controlfield><controlfield tag="005">20170304205638</controlfield><controlfield tag="008">060222s1000------------r-----000-0-eng-d</controlfield><datafield ind1=" " ind2=" " tag="100"><subfield code="a">Cerveau, Genevieve</subfield></datafield><datafield ind1=" " ind2=" " tag="245"><subfield code="a">Synthese, comportaments chimique et stereochim ique de complexes a liaison silicium ou germanium-metal de transitions</subfield><subfield code="b">these</subfield></datafield><datafield ind1=" " ind2=" " tag="260"><subfield code="a">Languedoc</subfield><subfield code="b">Universite Des Sciences Et Techniques</subfield><subfield code="c">1980</subfield></datafield><datafield ind1=" " ind2=" " tag="300"><subfield code="a">110 p</subfield></datafield><datafield ind1=" " ind2=" " tag="852"><subfield code="a">546.28(043):546.289(043)</subfield></datafield><datafield ind1=" " ind2=" " tag="CAT"><subfield code="a">SYS</subfield><subfield code="c">20170304</subfield><subfield code="h">205638</subfield></datafield></record></collection>